@article{peng2021machine,
  title={Machine Learning Techniques for Personalised Medicine Approaches in Immune-Mediated Chronic Inflammatory Diseases: Applications and Challenges},
  author={Peng, Junjie and Jury, Elizabeth C and D{\"o}nnes, Pierre and Ciurtin, Coziana},
  journal={Frontiers in Pharmacology},
  pages={2667},
  year={2021},
  publisher={Frontiers}
}
@article{kiran2021deep,
	title={Deep reinforcement learning for autonomous driving: A survey},
	author={Kiran, B Ravi and Sobh, Ibrahim and Talpaert, Victor and Mannion, Patrick and Al Sallab, Ahmad A and Yogamani, Senthil and P{\'e}rez, Patrick},
	journal={IEEE Transactions on Intelligent Transportation Systems},
	year={2021},
	publisher={IEEE}
}

@article{naveen2020survey,
	title={A survey and performance evaluation of reinforcement learning based spectrum aware routing in cognitive radio ad hoc networks},
	author={Naveen Raj, Rashmi and Nayak, Ashalatha and Kumar, M Sathish},
	journal={International Journal of Wireless Information Networks},
	volume={27},
	number={1},
	pages={144--163},
	year={2020},
	publisher={Springer}
}
@inproceedings{rahmati2019uw,
	title={UW-MARL: Multi-Agent Reinforcement Learning for Underwater Adaptive Sampling using Autonomous Vehicles},
	author={Rahmati, Mehdi and Nadeem, Mohammad and Sadhu, Vidyasagar and Pompili, Dario},
	booktitle={Proceedings of the International Conference on Underwater Networks \& Systems},
	pages={1--5},
	year={2019}
}
@article{zhao2020deep,
	title={A Deep Reinforcement Learning Approach for Autonomous Highway Driving},
	author={Zhao, Junwu and Qu, Ting and Xu, Fang},
	journal={IFAC-PapersOnLine},
	volume={53},
	number={5},
	pages={542--546},
	year={2020},
	publisher={Elsevier}
}
@incollection{chopra2020end,
	title={End-to-end reinforcement learning for self-driving car},
	author={Chopra, Rohan and Roy, Sanjiban Sekhar},
	booktitle={Advanced computing and intelligent engineering},
	pages={53--61},
	year={2020},
	publisher={Springer}
}
@inproceedings{huang2019end,
	title={End-to-end autonomous driving decision based on deep reinforcement learning},
	author={Huang, Zhiqing and Zhang, Ji and Tian, Rui and Zhang, Yanxin},
	booktitle={2019 5th International Conference on Control, Automation and Robotics (ICCAR)},
	pages={658--662},
	year={2019},
	organization={IEEE}
}
@inproceedings{zhang2018human,
	title={Human-like autonomous vehicle speed control by deep reinforcement learning with double Q-learning},
	author={Zhang, Yi and Sun, Ping and Yin, Yuhan and Lin, Lin and Wang, Xuesong},
	booktitle={2018 IEEE Intelligent Vehicles Symposium (IV)},
	pages={1251--1256},
	year={2018},
	organization={IEEE}
}


@article{elallid2022comprehensive,
  title={A Comprehensive Survey on the Application of Deep and Reinforcement Learning Approaches in Autonomous Driving},
  author={Elallid, Badr Ben and Benamar, Nabil and Hafid, Abdelhakim Senhaji and Rachidi, Tajjeeddine and Mrani, Nabil},
  journal={Journal of King Saud University-Computer and Information Sciences},
  year={2022},
  publisher={Elsevier}
}

@article{hussain2018autonomous,
  title={Autonomous cars: Research results, issues, and future challenges},
  author={Hussain, Rasheed and Zeadally, Sherali},
  journal={IEEE Communications Surveys \& Tutorials},
  volume={21},
  number={2},
  pages={1275--1313},
  year={2018},
  publisher={IEEE}
}
@article{zhu2020safe,
  title={Safe, efficient, and comfortable velocity control based on reinforcement learning for autonomous driving},
  author={Zhu, Meixin and Wang, Yinhai and Pu, Ziyuan and Hu, Jingyun and Wang, Xuesong and Ke, Ruimin},
  journal={Transportation Research Part C: Emerging Technologies},
  volume={117},
  pages={102662},
  year={2020},
  publisher={Elsevier}
}

@article{omeiza2021explanations,
  title={Explanations in autonomous driving: A survey},
  author={Omeiza, Daniel and Webb, Helena and Jirotka, Marina and Kunze, Lars},
  journal={IEEE Transactions on Intelligent Transportation Systems},
  year={2021},
  publisher={IEEE}
}

@article{grigorescu2020survey,
  title={A survey of deep learning techniques for autonomous driving},
  author={Grigorescu, Sorin and Trasnea, Bogdan and Cocias, Tiberiu and Macesanu, Gigel},
  journal={Journal of Field Robotics},
  volume={37},
  number={3},
  pages={362--386},
  year={2020},
  publisher={Wiley Online Library}
}

@article{ma2020artificial,
  title={Artificial intelligence applications in the development of autonomous vehicles: a survey},
  author={Ma, Yifang and Wang, Zhenyu and Yang, Hong and Yang, Lin},
  journal={IEEE/CAA Journal of Automatica Sinica},
  volume={7},
  number={2},
  pages={315--329},
  year={2020},
  publisher={IEEE}
}

@online{grannyDLS,
  author = {Adrienne LaFrance},
  title = {Your Grandmother's Driverless Car},
  year = 2016,
  url = {https://www.theatlantic.com/technology/archive/2016/06/beep-beep/489029/},
  urldate = {2016-06-29}
}

@article{cao2022trustworthy,
  title={Trustworthy safety improvement for autonomous driving using reinforcement learning},
  author={Cao, Zhong and Xu, Shaobing and Jiao, Xinyu and Peng, Huei and Yang, Diange},
  journal={Transportation research part C: emerging technologies},
  volume={138},
  pages={103656},
  year={2022},
  publisher={Elsevier}
}

@inproceedings{fredriksson2020data,
  title={Data labeling: an empirical investigation into industrial challenges and mitigation strategies},
  author={Fredriksson, Teodor and Mattos, David Issa and Bosch, Jan and Olsson, Helena Holmstr{\"o}m},
  booktitle={International Conference on Product-Focused Software Process Improvement},
  pages={202--216},
  year={2020},
  organization={Springer}
}


@article{sarker2021machine,
  title={Machine learning: Algorithms, real-world applications and research directions},
  author={Sarker, Iqbal H},
  journal={SN Computer Science},
  volume={2},
  number={3},
  pages={1--21},
  year={2021},
  publisher={Springer}
}

@article{lillicrap2015continuous,
  title={Continuous control with deep reinforcement learning},
  author={Lillicrap, Timothy P and Hunt, Jonathan J and Pritzel, Alexander and Heess, Nicolas and Erez, Tom and Tassa, Yuval and Silver, David and Wierstra, Daan},
  journal={arXiv preprint arXiv:1509.02971},
  year={2015}
}















@electronic{sh07,
  author        = "Michael Shell",
  title         = "{IEEE}tran Webpage on {CTAN}",
  url           = "http://www.ctan.org/tex-archive/macros/latex/contrib/IEEEtran/",
  year          = "2007"
}

@article{odo95,
  author        = "Y. Okada and K. Dejima and T. Ohishi",
  title         = "Analysis and Comparison of {PM} Synchronous Motor and
                   Induction Motor Type Magnetic Bearings",
  journal       = "IEEE Trans. on EE",
  volume        = "31",
  month         = sep # "/" # oct,
  year          = "1995",
  pages         = "1047-1053"
}


@inproceedings{gs97,
  author        = "R. K. Gupta and S. D. Senturia",
  title         = "Pull-in Time Dynamics as a Measure of Absolute Pressure",
  booktitle     = "Proc. {IEEE} International Workshop on
                   Microelectromechanical Systems ({MEMS}'97)",
  address       = "Nagoya, Japan",
  month         = jan,
  year          = "1997",
  pages         = "290-294"
}

@book{cu72,
  author        = "B. D. Cullity",
  title         = "Introduction to Magnetic Materials",
  publisher     = "Addison-Wesley",
  address       = "Reading, MA",
  year          = "1972"
}

@manual{mo96,
  title         = "{FLEXChip} Signal Processor ({MC68175/D})",
  organization  = "Motorola",
  year          = "1996"
}


@techreport{jrc87,
  author        = "R. Jain and K. K. Ramakrishnan and D. M. Chiu",
  title         = "Congestion Avoidance in Computer Networks with a 
                   Connectionless Network Layer",
  institution   = "Digital Equipment Corporation",
  address       = "MA",
  number        = "DEC-TR-506",
  month         = "Aug",
  year          = "1987"
}

@mastersthesis{ka99,
  author        = "A. Karnik",
  title         = "Performance of {TCP} Congestion Control with Rate
                   Feedback: {TCP/ABR} and Rate Adaptive {TCP/IP}",
  school        = "Indian Institute of Science",
  type          = "M. Eng. thesis",
  address       = "Bangalore, India",
  month         = "jan",
  year          = "1999"
}

@phdthesis{li2000,
  author        = "Q. Li",
  title         = "Delay Characterization and Performance Control of
                   Wide-area Networks",
  school        = "Univ. of Delaware",
  address       = "Newark",
  month         = may,
  year          = "2000",
  url           = "http://www.ece.udel.edu/~qli"
}

@misc{ro94,
  author        = "L. Roberts",
  title         = "Enhanced Proportional Rate Control Algorithm {PRCA}",
  howpublished  = "{ATM} Forum Contribution 94-0735R1",
  month         = aug,
  year          = "1994"
}